<record><leader>00000cas a22000007a 4500</leader><controlfield tag="001">11031296</controlfield><controlfield tag="008">840808d18881894ohuwr ne      0    0eng d</controlfield><datafield ind1=" " ind2=" " tag="010"><subfield code="a">sn 84028419 </subfield></datafield><datafield ind1=" " ind2=" " tag="040"><subfield code="a">NPY</subfield><subfield code="b">eng</subfield><subfield code="c">NPY</subfield><subfield code="d">OCLCQ</subfield></datafield><datafield ind1=" " ind2=" " tag="042"><subfield code="a">msc</subfield></datafield><datafield ind1="0" ind2="4" tag="245"><subfield code="a">The Experiment news.</subfield></datafield><datafield ind1="1" ind2="3" tag="246"><subfield code="a">Experiment &amp; News</subfield><subfield code="f">May 4-June 1, 1888</subfield></datafield><datafield ind1=" " ind2=" " tag="260"><subfield code="a">Norwalk, Ohio :</subfield><subfield code="b">H.L. Stewart,</subfield><subfield code="c">1888-</subfield></datafield><datafield ind1=" " ind2=" " tag="300"><subfield code="a">v. :</subfield><subfield code="b">ill. ;</subfield><subfield code="c">54 cm.</subfield></datafield><datafield ind1=" " ind2=" " tag="310"><subfield code="a">Weekly</subfield></datafield><datafield ind1="0" ind2=" " tag="362"><subfield code="a">Vol. 53, no. 1 (May 4, 1888)-</subfield></datafield><datafield ind1="1" ind2=" " tag="362"><subfield code="a">Ceased in 1894?</subfield><subfield code="z">Cf. Gutgesell, S. Guide to Ohio newspapers, 1976.</subfield></datafield><datafield ind1=" " ind2=" " tag="752"><subfield code="a">United States</subfield><subfield code="b">Ohio</subfield><subfield code="c">Huron</subfield><subfield code="d">Norwalk.</subfield></datafield><datafield ind1="0" ind2="0" tag="780"><subfield code="t">Experiment and news</subfield><subfield code="w">(DLC)sn 84028418</subfield></datafield><datafield ind1="0" ind2="6" tag="785"><subfield code="t">Norwalk experiment (Norwalk, Ohio : 1894)</subfield><subfield code="w">(DLC)sn 84028420</subfield></datafield><datafield ind1="0" ind2="6" tag="785"><subfield code="t">Huron County news</subfield><subfield code="w">(DLC)sn 84028421</subfield></datafield></record>